<record><leader>00000cas a2200000 a 4500</leader><controlfield tag="001">15807696</controlfield><controlfield tag="008">870604d18861981iluwr ne      0   a0eng c</controlfield><datafield ind1=" " ind2=" " tag="010"><subfield code="a">sn 87082505 </subfield></datafield><datafield ind1=" " ind2=" " tag="040"><subfield code="a">NPV</subfield><subfield code="b">eng</subfield><subfield code="c">NPV</subfield><subfield code="d">NVF</subfield><subfield code="d">OCLCF</subfield><subfield code="d">NVF</subfield><subfield code="d">OCLCO</subfield></datafield><datafield ind1="1" ind2=" " tag="029"><subfield code="a">AU@</subfield><subfield code="b">000020480117</subfield></datafield><datafield ind1=" " ind2=" " tag="042"><subfield code="a">pcc</subfield></datafield><datafield ind1=" " ind2=" " tag="043"><subfield code="a">n-us-il</subfield></datafield><datafield ind1="0" ind2="0" tag="245"><subfield code="a">Moultrie County news.</subfield></datafield><datafield ind1=" " ind2=" " tag="260"><subfield code="a">Sullivan, Moultrie County, Ill. :</subfield><subfield code="b">J.H. Dunscomb,</subfield><subfield code="c">1886-1981.</subfield></datafield><datafield ind1=" " ind2=" " tag="300"><subfield code="a">v.</subfield></datafield><datafield ind1=" " ind2=" " tag="310"><subfield code="a">Weekly</subfield></datafield><datafield ind1="0" ind2=" " tag="362"><subfield code="a">Vol. 3, no. 2 (Dec. 23, 1886)-v. 96, no. 21 (May 25, 1981).</subfield></datafield><datafield ind1=" " ind2=" " tag="515"><subfield code="a">Continues the numbering of Sullivan news (Sullivan, Ill.).</subfield></datafield><datafield ind1=" " ind2=" " tag="580"><subfield code="a">Merged with: Sullivan progress, and: Bethany echo, to form: News progress (Sullivan, Ill.).</subfield></datafield><datafield ind1=" " ind2="0" tag="651"><subfield code="a">Sullivan (Ill.)</subfield><subfield code="v">Newspapers.</subfield></datafield><datafield ind1=" " ind2="0" tag="651"><subfield code="a">Moultrie County (Ill.)</subfield><subfield code="v">Newspapers.</subfield></datafield><datafield ind1=" " ind2="7" tag="651"><subfield code="a">Illinois</subfield><subfield code="z">Moultrie County.</subfield><subfield code="2">fast</subfield><subfield code="0">(OCoLC)fst01208252</subfield></datafield><datafield ind1=" " ind2="7" tag="651"><subfield code="a">Illinois</subfield><subfield code="z">Sullivan.</subfield><subfield code="2">fast</subfield><subfield code="0">(OCoLC)fst01231242</subfield></datafield><datafield ind1=" " ind2="7" tag="655"><subfield code="a">Newspapers.</subfield><subfield code="2">fast</subfield><subfield code="0">(OCoLC)fst01423814</subfield></datafield><datafield ind1=" " ind2=" " tag="752"><subfield code="a">United States</subfield><subfield code="b">Illinois</subfield><subfield code="c">Moultrie</subfield><subfield code="d">Sullivan.</subfield></datafield><datafield ind1="0" ind2="0" tag="780"><subfield code="t">Sullivan news (Sullivan, Ill.)</subfield><subfield code="w">(DLC)sn 90054997</subfield><subfield code="w">(OCoLC)22102684</subfield></datafield><datafield ind1="0" ind2="6" tag="780"><subfield code="t">Lovington reporter</subfield><subfield code="w">(DLC)sn 90054996</subfield><subfield code="w">(OCoLC)22104701</subfield></datafield><datafield ind1="1" ind2="7" tag="785"><subfield code="t">Sullivan progress</subfield><subfield code="w">(DLC)sn 85038356</subfield><subfield code="w">(OCoLC)12310152</subfield></datafield><datafield ind1="1" ind2="7" tag="785"><subfield code="t">Bethany echo</subfield><subfield code="w">(DLC)sn 90054995</subfield><subfield code="w">(OCoLC)22105144</subfield></datafield><datafield ind1="1" ind2="7" tag="785"><subfield code="t">News progress (Sullivan, Ill.)</subfield><subfield code="w">(DLC)sn 90054999</subfield><subfield code="w">(OCoLC)22105392</subfield></datafield></record>